<?xml version="1.0" encoding="UTF-8"?><collection xmlns="http://www.loc.gov/MARC21/slim"><record><leader>00468nam--2200145-i-4500</leader><controlfield tag="001">000020013</controlfield><controlfield tag="002">20161230</controlfield><controlfield tag="005">20161230201033</controlfield><controlfield tag="008">060222s1000------------r-----000-0-eng-d</controlfield><datafield ind1=" " ind2=" " tag="080"><subfield code="a">517.9(043)</subfield></datafield><datafield ind1=" " ind2=" " tag="100"><subfield code="a">Feneyrol-perrin, Yvette</subfield></datafield><datafield ind1=" " ind2=" " tag="245"><subfield code="a">Fonctions analytiques d une ou plusieurs variables sur certains corps values au sens de krull. these</subfield></datafield><datafield ind1=" " ind2=" " tag="260"><subfield code="a">Paris, Universite Pierre Et Marie Curie, 1980. 76 P</subfield></datafield><datafield ind1=" " ind2=" " tag="852"><subfield code="a">49698</subfield><subfield code="c">517.9</subfield></datafield><datafield ind1=" " ind2=" " tag="CAT"><subfield code="a">Sys</subfield><subfield code="c">20090325</subfield><subfield code="h">121523</subfield></datafield></record></collection>